@MISC{centos,
  title="CentOS Project",
  howpublished="http://www.centos.org/",
}

@MISC{nsight,
  title="NVIDIA Nsight Visual Studio Edition",
  howpublished="\url{https://developer.nvidia.com/nvidia-nsight-visual-studio-edition}",
}

@MISC{gcc,
  title="GCC, the GNU Compiler Collection - GNU Project - Free Software Foundation (FSF)",
  howpublished="\url{http://gcc.gnu.org/}",
}

@MISC{mic,
  title="Intel® Many Integrated Core Architecture (Intel® MIC Architecture)",
  howpublished="\url{http://www.intel.com/content/www/us/en/architecture-and-technology/many-integrated-core/intel-many-integrated-core-architecture.html}",
}

@MISC{nvidia-driver,
  title="NVIDIA drivers",
  howpublished="\url{http://www.nvidia.com/Download/index.aspx}",
}

@MISC{intel-sdk,
  title="INTEL OpenCL SDK",
  howpublished="\url{https://software.intel.com/en-us/vcsource/tools/opencl-sdk-xe}",
}


@MISC{eclipse,
  title="Eclipse - The Eclipse Foundation open source community website.",
  howpublished="\url{https://www.eclipse.org}",
}

@BOOK{openclbook,
  author="Munshi, Aaftab",
  title="OpenCL Programming Guide",
  publisher="Addison-Wesley",
  year=2011,
  ISBN="9780321749642"
}

@MISC{hellow,
	title="OpenCL Programming Guide - examples",
	howpublished = "\url{https://code.google.com/p/opencl-book-samples/source/checkout}",
}

@article{hartmann1,
  title = {Crystallization Dynamics of a Single Layer Complex Plasma},
  author = {Hartmann, Peter and Douglass, Angela and Reyes, Jorge C. and Matthews, Lorin S. and Hyde, Truell W. and Kov\'acs, Anik\'o and Donk\'o, Zolt\'an},
  journal = {Phys. Rev. Lett.},
  volume = {105},
  issue = {11},
  pages = {115004},
  numpages = {4},
  year = {2010},
  month = {Sep},
  publisher = {American Physical Society},
  doi = {10.1103/PhysRevLett.105.115004},
  url = {http://link.aps.org/doi/10.1103/PhysRevLett.105.115004}
}

@article{hartmann2,
  title = {Magnetoplasmons in Rotating Dusty Plasmas},
  author = {Hartmann, Peter and Donk\'o, Zolt\'an and Ott, Torben and K\"ahlert, Hanno and Bonitz, Michael},
  journal = {Phys. Rev. Lett.},
  volume = {111},
  issue = {15},
  pages = {155002},
  numpages = {5},
  year = {2013},
  month = {Oct},
  publisher = {American Physical Society},
  doi = {10.1103/PhysRevLett.111.155002},
  url = {http://link.aps.org/doi/10.1103/PhysRevLett.111.155002}
}

@article{hartmann3,
  title = {Single exposure three-dimensional imaging of dusty plasma clusters},
  author = {Hartmann P, Donkó I, Donkó Z},
  journal = {Rev. Sci. Instrum.},
  volume = {84},
  pages = {023501},
  numpages = {1-5},
  year = {2013},
  url = {http://arxiv.org/abs/1212.1415}
}

@article{merlino2006dusty,
  title={Dusty plasmas and applications in space and industry},
  author={Merlino, Robert L},
  journal={Plasma Physics Applied},
  volume={81},
  pages={73--110},
  year={2006}
}


@MISC{opencl,
  author="The Khronos OpenCL Working Group",
  title="OpenCL - The open standard for parallel programming of heterogeneous systems.",
  year = "2014",
  howpublished="\url{http://www.khronos.org/opencl}",
}

@MISC{phi,
	author = "Intel",
	title = "Intel® Xeon Phi™ Product Family",
	howpublished="\url{http://www.intel.com/content/www/us/en/processors/xeon/xeon-phi-detail.html}",
}
	